@book{comp,
  title={{C}omputational {I}ntelligence},
  author={Kruse, Rudolf and Borgelt, Christian and Braune, Christian and Mostaghim, Sanaz and Steinbrecher, Matthias and Klawonn, Frank and Moewes, Christian},
  year={2011},
  publisher={Springer}
}
