%% This BibTeX bibliography file was created using BibDesk.
%% http://bibdesk.sourceforge.net/

%% Created for Emily Riehl at 2021-08-27 09:59:39 -0400


%% Saved with string encoding Unicode (UTF-8)

@book{RiehlVerity:2022eo,
	place={Cambridge},
	series={Cambridge Studies in Advanced Mathematics},
	title={Elements of $\infty$-Category Theory},
	publisher={Cambridge University Press},
	author={Riehl, Emily and Verity, Dominic},
	year={2022},
	collection={Cambridge Studies in Advanced Mathematics}}


@article{GepnerHaugsengKock:2021oa,
	abstract = {{We develop an \\$\\infty \\$-categorical version of the classical theory of polynomial and analytic functors, initial algebras, and free monads. Using this machinery, we provide a new model for \\$\\infty \\$-operads, namely \\$\\infty \\$-operads as analytic monads. We justify this definition by proving that the \\$\\infty \\$-category of analytic monads is equivalent to that of dendroidal Segal spaces, known to be equivalent to the other existing models for \\$\\infty \\$-operads.}},
	author = {Gepner, D. and Haugseng, R. and Kock, J.},
	date-added = {2021-08-26 18:33:13 -0400},
	date-modified = {2021-08-26 18:59:44 -0400},
	doi = {10.1093/imrn/rnaa332},
	eprint = {https://academic.oup.com/imrn/advance-article-pdf/doi/10.1093/imrn/rnaa332/37376618/rnaa332.pdf},
	issn = {1073{\textendash}7928},
	journal = {International Mathematics Research Notices},
	title = {$\infty$-operads as analytic monads},
	url = {https://doi.org/10.1093/imrn/rnaa332},
	year = {2021},
	Bdsk-Url-1 = {https://doi.org/10.1093/imrn/rnaa332}}

@article{Rasekh:2021qc,
	author = {Rasekh, N.},
	date-added = {2021-02-25 17:43:08 -0500},
	date-modified = {2021-08-26 18:47:17 -0400},
	journal = {J.\ Homotopy Relat.\ Struct.},
	title = {Quasi-categories vs.~{S}egal spaces: cartesian edition},
	year = {2021}}

@unpublished{Rasekh:2021cf,
	author = {Rasekh, Nima},
	date-added = {2021-02-25 17:41:40 -0500},
	date-modified = {2021-08-26 18:55:51 -0400},
	note = {arXiv:2102.05190},
	title = {{\normalfont Cartesian fibrations of complete {S}egal spaces}},
	year = {2021}}

@incollection{Lack:2010tc,
	author = {Lack, Stephen},
	booktitle = {Towards Higher Categories},
	date-added = {2021-01-17 12:20:54 -0500},
	date-modified = {2021-08-26 18:04:16 -0400},
	editor = {J.~P. May and J.~C. Baez},
	publisher = {Springer},
	series = {The IMA Volumes in Mathematics and its Applications},
	title = {A 2-Categories Companion},
	volume = {152},
	year = {2010}}

@unpublished{RiehlVerity:2021ce,
	author = {E. Riehl and D. Verity},
	date-added = {2021-01-12 16:33:36 -0500},
	date-modified = {2021-08-26 18:50:15 -0400},
	note = {arXiv:2101.09853},
	title = {{\normalfont Cartesian exponentiation and monadicity}},
	year = {2021}}

@article{GrandisPare2004:ad,
	author = {M. Grandis and R. Par\'e},
	date-added = {2021-01-04 16:12:10 -0500},
	date-modified = {2021-08-26 17:46:27 -0400},
	journal = {Cah.\ Topol.\ G\'{e}om.\ Diff\'{e}r.\ Cat\'{e}g.},
	number = {3},
	pages = {193{\textendash}240},
	title = {Adjoint for double categories},
	volume = {45},
	year = {2004}}

@unpublished{Henry:2020lm,
	author = {S. Henry},
	date-added = {2020-12-15 16:11:18 -0500},
	date-modified = {2021-08-26 17:49:12 -0400},
	note = {www.uwo.ca/math/faculty/kapulkin/seminars/hottestfiles/Henry-2020-01-23-HoTTEST.pdf},
	title = {{\normalfont The language of a model category}},
	year = {2020}}

@unpublished{AnelLejay:2018eh,
	author = {Anel, M. and Lejay, D.},
	date-added = {2020-12-14 11:00:37 -0500},
	date-modified = {2021-08-26 16:57:30 -0400},
	note = {arXiv:1802.10425},
	title = {{\normalfont Exponentiable higher toposes}},
	year = {2018}}

@unpublished{BLV:2020af,
	author = {Bourke, J. and Lack, S. and Vok\v{r}\'{i}nek, L.},
	date-added = {2020-12-10 08:40:37 -0500},
	date-modified = {2021-08-27 09:59:36 -0400},
	note = {arXiv:2006.07843},
	title = {{\normalfont Adjoint functor theorems for homotopically enriched categories}},
	year = {2020}}

@article{OzornovaRovelli:2020ms,
	author = {V. Ozornova and M. Rovelli},
	date-added = {2020-11-23 19:05:15 -0500},
	date-modified = {2021-08-26 17:58:31 -0400},
	journal = {Algebr. Geom. Topol.},
	pages = {1543{\textendash}1600},
	title = {Model structures for $(\infty,n)$-categories on (pre)stratified simplicial sets and prestratified simplicial spaces},
	volume = {20},
	year = {2020}}

@article{Cartmell:1986ga,
	author = {J.~Cartmell},
	date-added = {2020-11-15 16:47:57 -0500},
	date-modified = {2021-08-26 17:15:02 -0400},
	journal = {Ann.\ Pure Appl.\ Logic},
	pages = {209{\textendash}243},
	title = {Generalised algebraic theories and contextual categories},
	volume = {32},
	year = {1986}}

@article{HKRS:2017na,
	author = {K. Hess and M. K\k{e}dziorek and E. Riehl and B. Shipley},
	date-added = {2020-10-30 14:11:22 -0400},
	date-modified = {2021-08-26 18:38:19 -0400},
	journal = {J.\ Topol.},
	number = {2},
	pages = {324{\textendash}369},
	title = {A necessary and sufficient condition for induced model structures},
	volume = {20},
	year = {2017}}

@article{Blanc:1978en,
	author = {G. Blanc},
	date-added = {2020-10-23 14:03:23 -0400},
	date-modified = {2021-08-26 17:08:52 -0400},
	journal = {Archiv math. Logik},
	pages = {131{\textendash}137},
	title = {\'{E}quivalence naturelle et formules logiques en th\'{e}orie des cat\'{e}gories},
	volume = {19},
	year = {1978}}

@incollection{Freyd:1976pi,
	author = {P.~J.~Freyd},
	booktitle = {Algebra, Topology and Category Theories},
	date-added = {2020-10-23 14:01:25 -0400},
	date-modified = {2021-08-26 17:46:08 -0400},
	editor = {A.~Heller and M.~Tierney},
	pages = {55{\textendash}61},
	publisher = {Academic Press},
	title = {Properties invariant within equivalence types of categories},
	year = {1976}}

@article{Preller:1985al,
	author = {A. Preller},
	date-added = {2020-10-23 13:59:12 -0400},
	date-modified = {2021-08-26 18:07:53 -0400},
	journal = {Zeitschrift f. math. Logik und Grundlagen Math.},
	pages = {227{\textendash}234},
	title = {A language for category theory in which natural equivalence implies elementary equivalence of models},
	volume = {31},
	year = {1985}}

@unpublished{Makkai:1995fo,
	author = {M. Makkai},
	date-added = {2020-10-23 13:59:12 -0400},
	date-modified = {2021-08-26 18:05:36 -0400},
	note = {www.math.mcgill.ca/makkai/},
	title = {First Order Logic with Dependent Sorts, with Applications to Category Theory},
	year = {1995}}

@unpublished{JohnsonYau:2019bp,
	author = {N. Johnson and D. Yau},
	date-added = {2020-10-22 11:13:12 -0400},
	date-modified = {2021-08-26 17:50:38 -0400},
	note = {arXiv:1910.01220},
	title = {{\normalfont A bicategorical pasting theorem}},
	year = {2019}}

@article{Leinster:2002ge,
	author = {Leinster, T.},
	date-added = {2020-10-12 14:29:02 -0400},
	date-modified = {2021-08-26 17:55:42 -0400},
	journal = {J.\ Pure Appl.\ Algebra},
	pages = {391{\textendash}406},
	title = {Generalized enrichment of categories},
	volume = {168},
	year = {2002}}

@article{BettiCarboniStreetWalters:1983vt,
	author = {R.~Betti and A.~Carboni and R.~Street and R.~Walters},
	date-added = {2020-10-12 14:22:27 -0400},
	date-modified = {2021-08-26 17:10:57 -0400},
	journal = {J.\ Pure Appl.\ Algebra},
	pages = {109{\textendash}127},
	title = {Variation through enrichment},
	volume = {29},
	year = {1983}}

@article{Hermida:2000rm,
	author = {C. Hermida},
	date-added = {2020-09-18 11:07:00 -0400},
	date-modified = {2021-08-26 17:49:36 -0400},
	journal = {Adv.\ Math.},
	pages = {164{\textendash}225},
	title = {Representable multicategories},
	volume = {151},
	year = {2000}}

@unpublished{RadulescuBanu:2009ch,
	author = {A. Radulescu-Banu},
	date-added = {2020-08-13 14:13:49 -0400},
	date-modified = {2021-08-26 18:44:16 -0400},
	note = {arXiv:math/0610009},
	title = {{\normalfont Cofibrations in homotopy theory}},
	year = {2009}}

@book{Leinster:2004ho,
	author = {Leinster, T.},
	date-added = {2020-08-11 14:48:53 -0400},
	date-modified = {2021-08-26 17:55:57 -0400},
	publisher = {Cambridge University Press},
	series = {London Mathematical Society Lecture Note Series},
	title = {Higher Operads, Higher Categories},
	volume = {298},
	year = {2004}}

@article{Burroni:1971tc,
	author = {Burroni, A.},
	date-added = {2020-08-11 14:46:39 -0400},
	date-modified = {2021-08-26 17:19:36 -0400},
	journal = {Cah.\ Topol.\ G\'{e}om.\ Diff\'{e}r.\ Cat\'{e}g.},
	pages = {215{\textendash}321},
	title = {T-cat\'{e}gories (cat\'{e}gories dans un triple)},
	volume = {12},
	year = {1971}}

@techreport{Benabou:1973ld,
	author = {B\'{e}nabou, J.},
	date-added = {2020-08-11 09:52:21 -0400},
	date-modified = {2021-08-26 16:49:52 -0400},
	institution = {Universit\'{e} Catholique de Louvain, Institut de Math\'{e}matique Pure et Appliqu\'{e}},
	title = {Les distributeurs},
	volume = {33},
	year = {1973}}

@unpublished{Lurie:2009gc,
	author = {Lurie, J.},
	date-added = {2020-07-30 11:10:29 -0400},
	date-modified = {2021-01-24 11:56:57 -0500},
	note = {arXiv:0905.0462},
	title = {$(\infty,2)$-Categories and the {G}oodwillie Calculus {I}},
	year = {2009}}

@article{RiehlShulman:2017tt,
	author = {E. Riehl and M. Shulman},
	date-added = {2020-07-15 14:05:03 -0400},
	date-modified = {2021-08-26 18:26:14 -0400},
	journal = {High.\ Struct.},
	number = {1},
	pages = {147{\textendash}224},
	title = {A type theory for synthetic $\infty$-categories},
	volume = {1},
	year = {2017}}

@article{MazelGee:2019ug,
	author = {A. Mazel-Gee},
	date-added = {2020-07-02 14:42:56 -0400},
	date-modified = {2021-08-26 18:06:19 -0400},
	journal = {Graduate Journal of Mathematics},
	number = {1},
	pages = {42{\textendash}53},
	title = {A user's guide to co/cartesian fibrations},
	volume = {4},
	year = {2019}}

@article{Verdier:1996dc,
	author = {J. L. Verdier},
	date-added = {2020-06-23 17:22:21 -0400},
	date-modified = {2021-08-26 18:16:45 -0400},
	journal = {Ast{\'e}risque},
	pages = {1{\textendash}253+ix},
	title = {Des Cat\'{e}gories D\'{e}riv\'{e}es des Cat\'{e}gories Ab\'{e}liennes},
	volume = {239},
	year = {1996}}

@article{EilenbergMaclane:1945gt,
	author = {Eilenberg, S. and Mac Lane, S.},
	date-added = {2020-06-23 16:07:06 -0400},
	date-modified = {2021-08-26 17:45:37 -0400},
	journal = {Trans.\ Amer.\ Math.\ Soc.},
	pages = {231{\textendash}294},
	title = {General theory of natural equivalences},
	volume = {58},
	year = {1945}}

@unpublished{Harpaz:2017is,
	author = {Harpaz, Y.},
	date-added = {2020-06-22 15:42:56 -0400},
	date-modified = {2021-08-26 17:49:22 -0400},
	note = {www.math.univ-paris13.fr/$\sim$harpaz/stable$\_$infinity$\_$categories.pdf},
	title = {{\normalfont Introduction to stable $\infty$-categories}},
	year = {2017}}

@unpublished{Groth:2016ca,
	author = {M. Groth},
	date-added = {2020-06-16 14:28:30 -0400},
	date-modified = {2021-08-26 17:48:22 -0400},
	note = {arXiv:1602.07632},
	title = {{\normalfont Characterizations of abstract stable homotopy theories}},
	year = {2016}}

@unpublished{Groth:2015sc,
	author = {Moritz Groth},
	date-added = {2020-06-09 11:58:16 -0400},
	date-modified = {2020-06-09 11:58:58 -0400},
	month = {January},
	note = {https://arxiv.org/abs/1007.2925},
	title = {A short course on $\infty$-categories},
	year = {2015}}

@unpublished{Lurie:2009si,
	author = {Lurie, J.},
	date-added = {2020-06-09 11:42:47 -0400},
	date-modified = {2021-01-24 11:57:42 -0500},
	month = {May},
	note = {arXiv:math/0608228},
	title = {Stable Infinity Categories},
	year = {2006}}

@unpublished{Joyal:2008no,
	author = {A. Joyal},
	date-added = {2020-05-21 14:14:39 -0700},
	date-modified = {2021-08-26 17:51:32 -0400},
	note = {www.math.uchicago.edu/$\sim$may/IMA/Joyal.pdf},
	title = {{\normalfont Notes on quasi-categories}},
	year = {2008}}

@article{NguyenRaptisSchrade:2019af,
	author = {H.~K. Nguyen and G. Raptis and C. Schrade},
	date-added = {2020-05-20 10:38:23 -0700},
	date-modified = {2021-08-26 17:58:12 -0400},
	journal = {J.\ Lond.\ Math.\ Soc.},
	number = {2},
	pages = {659{\textendash}681},
	title = {Adjoint functor theorems for $\infty$-categories},
	volume = {101},
	year = {2020}}

@article{Lawvere:2005etcs,
	author = {Lawvere, F.~W.},
	date-added = {2020-04-22 12:53:19 -0700},
	date-modified = {2021-08-26 17:55:21 -0400},
	journal = {Repr.\ Theory Appl.\ Categ.},
	pages = {1{\textendash}35},
	title = {An elementary theory of the category of sets (long version) with commentary},
	volume = {11},
	year = {2005}}

@unpublished{Myers:2018sd,
	author = {D.~J. Myers},
	date-added = {2020-04-22 12:52:33 -0700},
	date-modified = {2021-08-26 18:43:12 -0400},
	note = {arXiv:1612.02762},
	title = {String Diagrams For Double Categories and Equipments},
	year = {2018}}

@book{JohnsonYau:2021td,
	author = {N. Johnson and D. Yau},
	date-added = {2020-03-07 16:22:13 -0800},
	date-modified = {2021-08-26 18:39:26 -0400},
	publisher = {Oxford University Press},
	title = {2-{D}imensional {C}ategories},
	year = {2021}}

@inproceedings{Gray:1966fc,
	author = {J.~W. Gray},
	booktitle = {Proceedings of the Conference on Categorical Algebra (La Jolla 1965)},
	date-added = {2020-02-20 13:29:13 -0800},
	date-modified = {2021-08-26 17:48:03 -0400},
	editor = {Eilenberg, S. and Harrison, D.~K. and R{\"o}hrl, H. and MacLane, S.},
	pages = {21{\textendash}83},
	publisher = {Springer-Verlag},
	title = {Fibred and cofibred categories},
	year = {1966}}

@article{Mazel-Gee:2016qa,
	author = {A. Mazel-Gee},
	date-added = {2020-02-07 10:42:23 -0800},
	date-modified = {2021-08-26 18:06:14 -0400},
	journal = {New York J. Math.},
	pages = {57{\textendash}93},
	title = {Quillen adjunctions induce adjunctions of quasicategories},
	volume = {22},
	year = {2016}}

@article{Cordier:1982sl,
	author = {Cordier, J.~M.},
	date-added = {2020-01-05 15:54:51 -0800},
	date-modified = {2021-08-26 17:21:52 -0400},
	journal = {Cah.\ Topol.\ G\'{e}om.\ Diff\'{e}r.\ Cat\'{e}g.},
	keywords = {Category Theory},
	pages = {93{\textendash}112},
	title = {Sur la notion de diagramme homotopiquement coh\'{e}rent},
	volume = {23},
	year = {1982}}

@article{Lack:2002qm,
	author = {Lack, S.},
	date-added = {2020-01-02 15:29:58 -0500},
	date-modified = {2021-08-26 18:03:49 -0400},
	journal = {J.\ K-Theory},
	keywords = {Category Theory, 2-Categories, Model Categories},
	number = {2},
	pages = {171{\textendash}205},
	publisher = {Springer},
	title = {A {Q}uillen model structure for 2-categories},
	volume = {26},
	year = {2002}}

@article{Ehlers:2008aa,
	author = {Ehlers, P.J. and Porter, T.},
	date-added = {2019-12-16 10:59:31 +1100},
	date-modified = {2021-08-26 17:24:35 -0400},
	journal = {Adv.\ Math.},
	keywords = {Quasicategories, Homotopy Theory},
	number = {2},
	pages = {489{\textendash}518},
	publisher = {Elsevier},
	title = {Ordinal subdivision and special pasting in quasicategories},
	volume = {217},
	year = {2008}}

@book{HoTT:2013,
	address = {Institute for Advanced Study},
	author = {{The Univalent Foundations Program}},
	date-added = {2019-12-09 17:16:15 -0500},
	date-modified = {2021-08-26 17:27:50 -0400},
	publisher = {homotopytypetheory.org/book},
	title = {Homotopy Type Theory: Univalent Foundations of Mathematics},
	year = {2013}}

@book{AdamekRosicky:1994lp,
	author = {Ad{\'a}mek, J. and Rosick{\'y}, J.},
	date-added = {2019-12-06 13:51:04 -0500},
	date-modified = {2019-12-06 13:51:22 -0500},
	keywords = {Accessible Categories},
	publisher = {Cambridge University Press},
	title = {Locally Presentable and Accessible Categories},
	year = {1994}}

@article{BaezDolan:1998hd,
	abstract = {We give a definition of weakn-categories based on the theory of operads. We work with operads having an arbitrary setSof types, or ``S-operads,'' and given such an operadO, we denote its set of operations by elt(O). Then for anyS-operadOthere is an elt(O)-operadO+whose algebras areS-operads overO. LettingIbe the initial operad with a one-element set of types, and definingI0+=I,I(i+1)+=(Ii+)+, we call the operations ofI(n−1)+the ``n-dimensional opetopes.'' Opetopes form a category, and presheaves on this category are called ``opetopic sets.'' A weakn-category is defined as an opetopic set with certain properties, in a manner reminiscent of Street's simplicial approach to weakω-categories. Similarly, starting from an arbitrary operadOinstead ofI, we define ``n-coherentO-algebras,'' which arentimes categorified analogs of algebras ofO. Examples include ``monoidaln-categories,'' ``stablen-categories,'' ``virtualn-functors'' and ``representablen-prestacks.'' We also describe hown-coherentO-algebra objects may be defined in any (n+1)-coherentO-algebra.},
	author = {John C. Baez and James Dolan},
	date-modified = {2021-01-24 12:32:12 -0500},
	doi = {https://doi.org/10.1006/aima.1997.1695},
	issn = {0001-8708},
	journal = {Adv.\ Math.},
	number = {2},
	pages = {145 - 206},
	title = {Higher-Dimensional Algebra III.n-Categories and the Algebra of Opetopes},
	url = {http://www.sciencedirect.com/science/article/pii/S0001870897916959},
	volume = {135},
	year = {1998},
	Bdsk-Url-1 = {http://www.sciencedirect.com/science/article/pii/S0001870897916959},
	Bdsk-Url-2 = {https://doi.org/10.1006/aima.1997.1695}}

@unpublished{Shah:2018ph,
	author = {Jay Shah},
	date-added = {2019-10-03 12:28:49 -0400},
	date-modified = {2021-08-26 18:23:55 -0400},
	note = {arXiv:1809.05892},
	title = {{\normalfont Parametrized higher category theory and higher algebra: Expos{\'e} {II} - Indexed homotopy limits and colimits}},
	year = {2018}}

@unpublished{BDGNS:2016ph,
	author = {Clark Barwick and Emanuele Dotto and Saul Glasman and Denis Nardin and Jay Shah},
	date-added = {2019-10-03 12:28:42 -0400},
	date-modified = {2021-01-24 11:45:20 -0500},
	note = {arXiv:1608.03657},
	title = {Parametrized higher category theory and higher algebra: Expos\'{e} {I} -- Elements of parametrized higher category theory,},
	year = {2016}}

@book{Cisinski:2019hc,
	author = {Cisinski, D.~C.},
	date-added = {2019-10-03 12:28:27 -0400},
	date-modified = {2021-08-26 17:15:27 -0400},
	publisher = {Cambridge University Press},
	series = {Cambridge Studies in Advanced Mathematics},
	title = {Higher {C}ategories and {H}omotopical {A}lgebra},
	volume = {180},
	year = {2019}}

@unpublished{RiehlVerity:2018cl-v2,
	author = {E. Riehl and D. Verity},
	date-added = {2019-09-07 13:35:01 -0400},
	date-modified = {2021-08-26 18:12:07 -0400},
	note = {arXiv:1808.09835v2},
	title = {On the construction of limits and colimits in $\infty$-categories},
	year = {2018}}

@article{BarneaHarpazHorel:2017pc,
	author = {Barnea I., Harpaz Y., Horel G.},
	date-added = {2019-09-06 15:15:28 -0400},
	date-modified = {2019-09-06 15:15:28 -0400},
	journal = {Algebraic and Geometric Topology},
	number = {1},
	pages = {567--643},
	title = {Pro-categories in homotopy theory},
	volume = {17},
	year = {2017}}

@unpublished{RiehlVerity:2019eo,
	author = {E. Riehl and D. Verity},
	date-added = {2019-05-12 12:33:57 +0200},
	date-modified = {2021-08-26 18:12:17 -0400},
	note = {{I}n preparation, available from www.math.jhu.edu/$\sim$eriehl/elements.pdf},
	title = {Elements of $\infty$-category theory},
	year = {2019}}

@unpublished{KapulkinVoevodsky:2018ca,
	author = {Krzysztof Kapulkin and Vladimir Voevodsky},
	date-added = {2019-05-11 14:27:41 +0200},
	date-modified = {2019-05-11 14:29:47 +0200},
	note = {http://www.math.uwo.ca/faculty/kapulkin/papers/cubical-approach-to-straightening.pdf},
	title = {Cubical approach to straightening},
	year = {2018}}

@unpublished{Rezk:2019sa,
	author = {C. Rezk},
	date-added = {2019-05-09 10:36:39 +0200},
	date-modified = {2021-08-26 18:48:57 -0400},
	note = {faculty.math.illinois.edu/$\sim$rezk/quasicats.pdf},
	title = {Stuff about quasi-categories},
	year = {2019}}

@article{Conduche:1972as,
	author = {Fran\c{c}ois Conduch\'{e}},
	date-added = {2019-04-30 10:46:22 -0400},
	date-modified = {2021-08-26 17:15:43 -0400},
	journal = {C. R. Acad. Sci. Paris},
	pages = {A891{\textendash}A894},
	title = {Au sujet de l'existence d'adjoints \`{a} droite aux foncteurs ``image r\'{e}ciproque'' dans la cat\'{e}gorie des cat\'{e}gories},
	volume = {S\'{e}r. A-B 275},
	year = {1972}}

@unpublished{GepnerHaugsengKock:2017oa,
	author = {D. Gepner and R. Haugseng and J. Kock},
	date-added = {2019-04-23 13:10:07 -0400},
	date-modified = {2021-08-26 17:47:20 -0400},
	note = {arXiv:1712.06469},
	title = {$\infty$-operads as analytic monads},
	year = {2017}}

@article{Stevenson:2018aa,
	author = {Stevenson, Danny},
	date-added = {2019-04-04 00:11:30 +0000},
	date-modified = {2021-08-26 18:13:32 -0400},
	journal = {Theory Appl.\ Categ.},
	keywords = {Higher Categories},
	number = {19},
	pages = {523{\textendash}536},
	title = {Stability for inner fibrations revisited},
	volume = {33},
	year = {2018}}

@article{RiehlVerity:2020rq,
	author = {E. Riehl and D. Verity},
	date-added = {2019-02-02 15:48:00 -0500},
	date-modified = {2021-08-26 18:12:54 -0400},
	journal = {Appl.\ Categ.\ Struct.},
	note = {arXiv:1808.09834},
	number = {4},
	pages = {669{\textendash}716},
	title = {Recognizing quasi-categorical limits and colimits in homotopy coherent nerves},
	volume = {28},
	year = {2020}}

@unpublished{Rasekh:2017cf,
	author = {Rasekh, N.},
	date-added = {2019-02-02 14:47:29 -0500},
	date-modified = {2021-08-26 18:45:29 -0400},
	note = {arXiv:1711.03670},
	title = {{\normalfont Cartesian fibrations and representability}},
	year = {2017}}

@unpublished{Rasekh:2017yl,
	author = {Rasekh, N.},
	date-added = {2019-02-02 14:46:28 -0500},
	date-modified = {2021-08-26 18:45:54 -0400},
	note = {arXiv:1711.03160},
	title = {{\normalfont Yoneda lemma for simplicial spaces}},
	year = {2017}}

@article{KazhdanVarshavsky:2014yl,
	author = {Kazhdan, D. and Varshavsky, Y.},
	date-added = {2019-02-02 14:42:14 -0500},
	date-modified = {2021-08-26 17:53:23 -0400},
	journal = {Funct Anal Its Appl},
	number = {2},
	pages = {81{\textendash}106},
	title = {Yoneda lemma for complete {S}egal spaces},
	volume = {48},
	year = {2014}}

@inproceedings{Boavida:2016so,
	author = {P.~B. de Brito},
	booktitle = {An Alpine Bouquet of Algebraic Topology},
	date-added = {2019-02-02 14:39:47 -0500},
	date-modified = {2021-08-26 17:23:17 -0400},
	editor = {C. Ausoni and K. Hess and B. Johnson and I. Moerdijk and J. Scherer},
	pages = {19{\textendash}44},
	publisher = {American Mathematical Society},
	series = {Contemporary Mathematics},
	title = {Segal objects and the {G}rothendieck construction},
	volume = {708},
	year = {2018}}

@article{BarwickGlasmanNardin:2018dc,
	author = {Barwick, C. and Glasman, S. and Nardin, D.},
	date-added = {2018-10-30 11:59:54 -0400},
	date-modified = {2021-08-26 16:53:29 -0400},
	journal = {Theory Appl.\ Categ.},
	number = {4},
	pages = {67{\textendash}94},
	title = {Dualizing cartesian and cocartesian fibrations},
	volume = {33},
	year = {2018}}

@article{DuggerSpivak:2011ms,
	author = {Dugger, D. and Spivak, D. I.},
	date-added = {2018-10-02 10:43:57 -0400},
	date-modified = {2021-08-26 17:16:50 -0400},
	journal = {Algebr.~Geom.~Topol.},
	pages = {263{\textendash}325},
	title = {Mapping spaces in quasi-categories},
	volume = {11},
	year = {2011}}

@article{EhlersPorter:2000jf,
	author = {P. J. Ehlers and T. Porter},
	date-added = {2018-09-25 10:17:44 -0400},
	date-modified = {2021-08-26 17:45:19 -0400},
	journal = {J.\ Pure Appl.\ Algebra},
	keywords = {Category Theory},
	pages = {37{\textendash}44},
	title = {Joins for (augmented) simplicial sets},
	volume = {145},
	year = {2000}}

@incollection{Day:1970oc,
	author = {B. Day},
	booktitle = {Reports of the Midwest Category Seminar IV},
	date-added = {2018-09-21 13:57:09 -0400},
	date-modified = {2021-08-26 17:22:29 -0400},
	keywords = {Category Theory},
	pages = {1{\textendash}38},
	publisher = {Springer-Verlag},
	series = {Lecture Notes in Mathematics},
	title = {On closed categories of functors},
	volume = {137},
	year = {1970}}

@article{Street:1987ao,
	author = {R.~H. Street},
	date-added = {2018-09-04 10:50:42 -0400},
	date-modified = {2021-08-26 18:14:57 -0400},
	journal = {J.\ Pure Appl.\ Algebra},
	keywords = {Category Theory},
	pages = {283{\textendash}335},
	review = {MR89a:18019},
	title = {The algebra of oriented simplexes},
	volume = {49},
	year = {1987}}

@inproceedings{Street:2003wo,
	author = {R.~H. Street},
	booktitle = {Diagrammatic Morphisms and Applications},
	date-added = {2018-09-04 09:47:36 -0400},
	date-modified = {2021-08-26 18:50:47 -0400},
	keywords = {Category Theory},
	pages = {207{\textendash}213},
	publisher = {American Mathematical Society},
	series = {Contemp.\ Math.},
	title = {Weak omega-categories},
	volume = {318},
	year = {2003}}

@article{Verity:2008cs,
	author = {D. Verity},
	date-added = {2018-09-04 09:02:25 -0400},
	date-modified = {2021-08-26 18:51:49 -0400},
	journal = {Mem.\ Amer.\ Math.\ Soc.},
	keywords = {Higher Categories, Complicial Sets},
	number = {905},
	publisher = {American Mathematical Society},
	series = {Memoirs of the AMS},
	title = {Complicial Sets, Characterising the Simplicial Nerves of Strict $\omega$-Categories},
	volume = {193},
	year = {2008}}

@book{DHKS:2004hl,
	author = {Dwyer, W. G. and Hirschhorn, P. S. and Kan, D. M. and Smith, J. H.},
	date-added = {2018-08-10 18:09:13 -0400},
	date-modified = {2021-08-26 17:45:06 -0400},
	keywords = {Homotopy Theory},
	publisher = {American Mathematical Society},
	series = {Mathematical Surveys and Monographs},
	title = {Homotopy Limit Functors on Model Categories and Homotopical Categories},
	volume = {113},
	year = {2004}}

@unpublished{Stevenson:2018ms,
	author = {Stevenson, Danny},
	date-added = {2018-08-08 14:26:51 -0400},
	date-modified = {2018-08-08 14:28:07 -0400},
	note = {arXiv:1807.08226},
	title = {Model structures for correspondences and bifibrations},
	year = {2018}}

@book{Simpson:2012hc,
	author = {Simpson, C.},
	date-added = {2018-08-02 16:18:14 -0400},
	date-modified = {2018-08-02 16:19:27 -0400},
	number = {19},
	publisher = {Cambridge University Press},
	series = {New Mathematical Monographs},
	title = {Homotopy Theory of Higher Categories},
	year = {2012}}

@incollection{Riehl:2017cs,
	author = {Riehl, E.},
	booktitle = {2016 MATRIX Annals},
	date-added = {2018-08-02 15:41:54 -0400},
	date-modified = {2021-08-26 18:10:29 -0400},
	number = {1{\textendash}28},
	publisher = {Springer},
	series = {MATRIX Book Series},
	title = {Complicial sets, an overture},
	year = {2017}}

@phdthesis{Barwick:2005in,
	author = {Barwick, C.},
	date-added = {2018-08-02 14:37:46 -0400},
	date-modified = {2021-08-26 16:45:24 -0400},
	school = {University of Pennsylvania},
	title = {$(\infty,n)$-Cat as a closed model category},
	year = {2005}}

@book{Hirschhorn:2003mc,
	author = {P. Hirschhorn},
	date-added = {2018-08-02 13:45:48 -0400},
	date-modified = {2021-08-26 17:49:50 -0400},
	keywords = {Category Theory},
	number = {99},
	publisher = {American Mathematical Society},
	series = {Mathematical Surveys and Monographs},
	title = {Model Categories and Their Localizations},
	year = {2003}}

@article{Beke:2001sh,
	author = {Beke, T.},
	date-added = {2018-08-02 12:37:14 -0400},
	date-modified = {2021-08-26 16:48:02 -0400},
	journal = {Math.\ Proc.\ Cambridge Philos.\ Soc.},
	keywords = {Model Categories},
	number = {03},
	pages = {447{\textendash}475},
	publisher = {Cambridge University Press},
	title = {Sheafifiable homotopy model categories},
	volume = {129},
	year = {2001}}

@article{Dugger:2001rm,
	author = {Dugger, D.},
	date-added = {2018-08-02 12:36:21 -0400},
	date-modified = {2021-08-26 17:16:43 -0400},
	journal = {Trans.\ Amer.\ Math.\ Soc.},
	keywords = {Model Categories, Homotopy Theory},
	number = {12},
	pages = {5003{\textendash}5028},
	publisher = {American Mathematical Society},
	title = {Replacing model categories with simplicial ones},
	volume = {353},
	year = {2001}}

@book{Cisinski:2006lp,
	author = {Cisinski, D.~C.},
	date-added = {2018-08-02 16:20:59 +0000},
	date-modified = {2018-08-02 16:24:24 +0000},
	pages = {392 pages},
	publisher = {Soc. Math. France},
	series = {Ast\'{e}risque},
	title = {Les pr\'{e}faisceaux comme mod\`eles des types d'homotopie},
	volume = {308},
	year = {2006}}

@article{BergnerRezk:2013rc,
	author = {Bergner, J.~E. and Rezk, C.},
	date-added = {2018-08-02 16:20:13 +0000},
	date-modified = {2021-08-26 17:10:47 -0400},
	journal = {Mathe.\ Z.},
	number = {1{\textendash}2},
	pages = {499{\textendash}514},
	title = {Reedy categories and the $\Theta$-construction},
	volume = {274},
	year = {2013}}

@article{Ara:2014hq,
	author = {Ara, D.},
	date-added = {2018-08-01 18:12:01 -0400},
	date-modified = {2021-08-26 16:44:12 -0400},
	journal = {J.\ K-Theory},
	number = {3},
	pages = {701{\textendash}749},
	title = {Higher quasi-categories vs higher {R}ezk spaces},
	volume = {14},
	year = {2014}}

@article{Berger:2007iw,
	author = {Berger, C.},
	date-added = {2018-08-01 16:32:33 -0400},
	date-modified = {2021-08-26 16:51:27 -0400},
	journal = {Adv.\ Math.},
	number = {1},
	pages = {230{\textendash}270},
	title = {Iterated wreath product of the simplex category and iterated loop spaces},
	volume = {213},
	year = {2007}}

@unpublished{Joyal:1997dd,
	annote = {AMS meeting in Montr{\'e}al},
	author = {A. Joyal},
	date-added = {2018-08-01 16:22:12 -0400},
	date-modified = {2021-08-26 18:39:55 -0400},
	note = {ncatlab.org/nlab/files/JoyalThetaCategories.pdf},
	title = {{\normalfont Disks, duality and $\Theta$-categories}},
	year = {1997}}

@article{Gambino:2010wl,
	author = {Gambino, N.},
	coden = {JPAAA2},
	date-added = {2018-07-11 10:25:13 +0000},
	date-modified = {2021-08-26 17:25:18 -0400},
	fjournal = {Journal of Pure and Applied Algebra},
	issn = {0022-4049},
	journal = {J.\ Pure Appl.\ Algebra},
	mrclass = {18G55 (18D20 18G30 55U35)},
	mrnumber = {2586997 (2011e:18030)},
	mrreviewer = {J{\'e}r{\^o}me Scherer},
	number = {7},
	pages = {1193{\textendash}1199},
	title = {Weighted limits in simplicial homotopy theory},
	volume = {214},
	year = {2010},
	Bdsk-Url-1 = {http://dx.doi.org/10.1016/j.jpaa.2009.10.006}}

@book{Hovey:1999mc,
	author = {Hovey, M.},
	date-added = {2018-07-10 16:52:55 +0000},
	date-modified = {2021-08-26 17:50:16 -0400},
	publisher = {American Mathematical Society},
	series = {Mathematical Surveys and Monographs},
	title = {Model Categories},
	volume = {63},
	year = {1999}}

@article{ChengGurskiRiehl:2014cm,
	author = {Cheng, E. and Gurski, N. and Riehl, E.},
	date-added = {2018-07-09 16:26:13 +0000},
	date-modified = {2021-08-26 17:15:07 -0400},
	journal = {J.~K-Theory},
	pages = {337{\textendash}396},
	title = {Cyclic multicategories, multivariable adjunctions and mates},
	volume = {13},
	year = {2014}}

@inproceedings{AntolinCamarena:2013aw,
	author = {Antol\'{i}n Camarena, O.},
	booktitle = {Mexican Mathematicians Abroad: Recent Contributions},
	date-added = {2018-07-05 14:13:54 +0000},
	date-modified = {2021-08-26 17:21:01 -0400},
	editor = {B\'{a}rcenas, N. and Galaz-Garc\'{i}a, F. and Rocha, M.~M.},
	pages = {15{\textendash}62},
	publisher = {American Mathematical Society},
	series = {Contemporary Mathematics},
	title = {A whirlwind tour of the world of $(\infty,1)$-categories},
	volume = {657},
	year = {2016}}

@unpublished{GuillouMay:2011em,
	author = {B.~Guillou and J.~P. May},
	date-added = {2018-07-03 14:03:03 +0000},
	date-modified = {2021-08-26 17:48:44 -0400},
	note = {arXiv:1110.3567},
	title = {{\normalfont Enriched model categories and presheaf categories}},
	year = {2011}}

@book{Quillen:1967ha,
	author = {D.~G. Quillen},
	date-added = {2018-06-25 23:17:47 +0000},
	date-modified = {2021-08-26 18:08:01 -0400},
	publisher = {Springer-Verlag},
	series = {Lecture Notes in Mathematics},
	title = {Homotopical Algebra},
	volume = {43},
	year = {1967}}

@unpublished{Reedy:1974ht,
	author = {C.~Reedy},
	date-added = {2018-06-22 18:11:59 +0000},
	date-modified = {2021-08-26 18:47:49 -0400},
	note = {www-math.mit.edu/$\sim$psh/reedy.pdf},
	title = {{\normalfont Homotopy theory of model categories}},
	year = {1974}}

@article{Brown:1973ah,
	author = {Brown, K.~S.},
	date-added = {2018-06-22 14:25:25 +0000},
	date-modified = {2021-08-26 17:19:23 -0400},
	journal = {Trans.\ Amer.\ Math.\ Soc.},
	keywords = {Homotopy Theory},
	pages = {419{\textendash}458},
	title = {Abstract homotopy theory and generalized sheaf cohomology},
	volume = {186},
	year = {1973}}

@article{Ulmer:1968po,
	author = {F. Ulmer},
	date-added = {2018-06-20 19:50:49 +0000},
	date-modified = {2021-08-26 18:16:26 -0400},
	journal = {J.~Algebra},
	pages = {77{\textendash}95},
	title = {Properties of dense and relative adjoint functors},
	volume = {3},
	year = {1968}}

@article{StreetWalters:1978ys,
	author = {R.~H. Street and R. Walters},
	date-added = {2018-06-20 19:49:49 +0000},
	date-modified = {2021-08-26 18:24:42 -0400},
	journal = {J.~Algebra},
	pages = {350{\textendash}379},
	title = {Yoneda structures on 2-categories},
	volume = {50},
	year = {1978}}

@article{Power:1990pt,
	author = {A.~J. Power},
	date-added = {2018-06-13 08:50:46 +0000},
	date-modified = {2021-08-26 18:22:19 -0400},
	journal = {J.~Algebra},
	pages = {439{\textendash}445},
	title = {A 2-categorical pasting theorem},
	volume = {129},
	year = {1990}}

@incollection{Benabou:1967ib,
	author = {B\'{e}nabou, J.},
	booktitle = {Reports of the Midwest Category Seminar},
	date-added = {2018-06-13 08:49:37 +0000},
	date-modified = {2021-08-26 16:50:50 -0400},
	keywords = {Category Theory},
	number = {47},
	pages = {1{\textendash}77},
	publisher = {Springer-Verlag},
	series = {Lecture Notes in Math.},
	title = {Introduction to Bicategories},
	year = {1967}}

@phdthesis{Cruttwell:2008rr,
	author = {Cruttwell, G. S. H},
	date-added = {2018-06-12 03:24:38 +0000},
	date-modified = {2021-08-26 17:59:24 -0400},
	keywords = {Category Theory},
	school = {Dalhousie University},
	title = {Normed Spaces and the Change of Base for Enriched Categories},
	year = {2008}}

@inproceedings{Kelly:1974da,
	author = {G.~M. Kelly},
	booktitle = {Category {S}eminar ({P}roc. {S}em., {S}ydney, 1972/1973)},
	date-added = {2018-06-09 08:26:39 +0000},
	date-modified = {2021-08-26 17:53:46 -0400},
	keywords = {Category Theory; Thesis},
	pages = {257{\textendash}280},
	publisher = {Springer, Berlin},
	series = {Lecture Notes in {M}athematics},
	title = {Doctrinal Adjunction},
	volume = {Vol.~420},
	year = {1974}}

@article{KellyMacLane:1971cc,
	author = {Kelly, G.~M. and Mac Lane, S.},
	date-added = {2018-06-07 03:30:15 +0000},
	date-modified = {2021-08-26 17:54:12 -0400},
	journal = {J.\ Pure Appl.\ Algebra},
	number = {1},
	pages = {97{\textendash}140},
	title = {Coherence in {C}losed {C}ategories},
	volume = {1},
	year = {1971}}

@article{Kelly:1964om,
	author = {Kelly, G.\ M.},
	date-added = {2018-06-07 03:08:52 +0000},
	date-modified = {2021-08-26 18:02:36 -0400},
	journal = {J.~Algebra},
	pages = {397{\textendash}402},
	title = {On {M}ac {L}ane's conditions for coherence of natural associativities, commutativities, etc.},
	volume = {1},
	year = {1964}}

@conference{EilenbergKelly:1966cc,
	author = {Eilenberg, S. and Kelly, G.~M.},
	booktitle = {Proceedings of the Conference on Categorical Algebra (La Jolla 1965)},
	date-added = {2018-06-07 03:06:32 +0000},
	date-modified = {2021-08-26 17:45:52 -0400},
	pages = {421{\textendash}562},
	publisher = {Springer-Verlag},
	title = {Closed categories},
	year = {1966}}

@book{Borceux:1994hbI,
	author = {Francis Borceux},
	date-added = {2018-05-20 20:44:12 +0000},
	date-modified = {2018-05-20 20:45:26 +0000},
	publisher = {Cambridge University Press},
	series = {Encyclopedia of Mathematics and its Applications},
	title = {Handbook of {C}ategorical {A}lgebra 1: {B}asic {C}ategory {T}heory},
	year = {1994}}

@unpublished{Hess:2010gf,
	author = {Hess, Kathryn},
	date-added = {2018-05-09 16:51:27 +0000},
	date-modified = {2018-05-09 16:53:45 +0000},
	note = {arXiv:1001.1556},
	title = {A general framework for homotopic descent and codescent},
	year = {2010}}

@article{Sulyma:2017cm,
	author = {Sulyma, Y.~J.~F.},
	date-added = {2018-05-09 00:03:04 +0000},
	date-modified = {2021-08-26 18:16:08 -0400},
	journal = {New York Journal of Mathematics},
	pages = {749{\textendash}777},
	title = {$\infty$-categorical monadicity and descent},
	volume = {23},
	year = {2017}}

@inproceedings{Street:1974ec,
	author = {Street, R.~H.},
	booktitle = {Category {S}eminar ({P}roc. {S}em., {S}ydney, 1972/1973)},
	date-added = {2018-05-08 21:26:45 +0000},
	date-modified = {2021-08-26 18:14:09 -0400},
	pages = {134{\textendash}180},
	publisher = {Springer},
	series = {Lecture Notes in Math.},
	title = {Elementary cosmoi {I}},
	volume = {420},
	year = {1974}}

@book{MayPonto:2012,
	author = {May, J.~P. and Ponto, K.},
	date-added = {2018-04-27 19:48:27 +0000},
	date-modified = {2021-08-26 17:57:30 -0400},
	publisher = {University of Chicago Press},
	series = {Chicago Lectures in Mathematics},
	title = {More concise algebraic topology: Localization, Completion, and Model Categories},
	year = {2012}}

@article{VidalTur:2010ke,
	author = {Climent Vidal, Juan and Soliveres Tur, Juan},
	date-added = {2018-04-16 23:58:46 +0000},
	date-modified = {2018-04-17 00:00:01 +0000},
	journal = {Extracta mathematicae},
	number = {1},
	pages = {1--61},
	title = {Kleisli and Eilenberg-Moore Constructions as parts of Biadjoint Situations},
	volume = {25},
	year = {2010}}

@article{ClimentVidalTurCegarra:2010ke,
	author = {J. Climent Vidal, J. Soliveres Tur, Antonio Mart{\'\i}nez Cegarra},
	date-added = {2018-04-16 23:56:18 +0000},
	date-modified = {2021-08-26 17:15:37 -0400},
	journal = {Extracta Math.},
	number = {1},
	pages = {1{\textendash}61},
	title = {Kleisli and Eilenberg-Moore Constructions as Parts of Biadjoint Situations},
	volume = {25},
	year = {2010}}

@phdthesis{Zaganidis:2017hc,
	author = {Zaganidis, D.},
	date-added = {2018-04-13 13:35:45 +0000},
	date-modified = {2021-08-26 18:19:43 -0400},
	school = {\'{E}cole {P}olytechnique {F}\'{e}d\'{e}rale de {L}ausanne},
	title = {Towards an $(\infty,2)$-category of Homotopy Coherent Monads in an $\infty$-cosmos},
	year = {2017}}

@phdthesis{Beck:1967ta,
	author = {Beck, Jonathan Mock},
	date-added = {2018-04-11 16:04:38 +0000},
	date-modified = {2018-04-11 16:05:46 +0000},
	school = {Columbia University},
	title = {Triples, {A}lgebras and {C}ohomology},
	year = {1967}}

@incollection{Lawvere:1969os,
	address = {Berlin},
	author = {Lawvere, F.~W.},
	booktitle = {Sem. on {T}riples and {C}ategorical {H}omology {T}heory ({ETH}, {Z}\"urich, 1966/67)},
	date-added = {2018-04-10 20:26:04 +0000},
	date-modified = {2021-08-26 17:55:12 -0400},
	mrclass = {18.10},
	mrnumber = {0240158 (39 \#1512)},
	mrreviewer = {B. H. Gonshor},
	pages = {141{\textendash}155},
	publisher = {Springer},
	title = {Ordinal sums and equational doctrines},
	year = {1969}}

@article{DwyerKan:1980cs,
	author = {Dwyer, W.~G. and Kan, D.~M.},
	date-added = {2018-04-01 17:58:51 +0000},
	date-modified = {2021-08-26 17:17:12 -0400},
	journal = {J.\ Pure Appl.\ Algebra},
	pages = {17{\textendash}35},
	title = {Calculating simplicial localizations},
	volume = {18},
	year = {1980}}

@book{MakkaiPare:1989ac,
	author = {M. Makkai and R. Par\'e},
	date-added = {2018-03-20 13:55:24 +0000},
	date-modified = {2021-08-26 18:42:48 -0400},
	keywords = {Category Theory},
	publisher = {American Mathematical Society},
	series = {Contemp.\ Math.},
	title = {Accessible Categories: The Foundations of Categorical Model Theory},
	volume = {104},
	year = {1989}}

@article{BirdKellyPowerStreet:1989fl,
	author = {Bird, G.~J. and Kelly, G.~M. and Power, A.~J. and Street, R.~H.},
	date-added = {2018-03-19 18:51:05 +0000},
	date-modified = {2021-08-26 17:11:55 -0400},
	journal = {J.\ Pure Appl.\ Algebra},
	number = {1},
	pages = {1{\textendash}27},
	title = {Flexible Limits for 2-Categories},
	volume = {61},
	year = {1989}}

@book{BousfieldKan:1972hl,
	address = {Berlin},
	author = {Bousfield, A. K. and Kan, D. M.},
	date-added = {2018-03-19 18:09:45 +0000},
	date-modified = {2018-03-19 18:09:45 +0000},
	mrclass = {55J05},
	mrnumber = {0365573 (51 \#1825)},
	mrreviewer = {Harold Hastings},
	pages = {v+348},
	publisher = {Springer-Verlag},
	series = {Lecture Notes in Mathematics, Vol. 304},
	title = {Homotopy limits, completions and localizations},
	year = {1972}}

@article{DuggerSpivak:2011ro,
	author = {Dugger, D. and Spivak, D. I.},
	date-added = {2018-03-16 19:22:44 +0000},
	date-modified = {2021-08-26 17:16:54 -0400},
	journal = {Algebr. Geom. Topol.},
	number = {1},
	pages = {225{\textendash}261},
	title = {Rigidification of quasi-categories},
	volume = {11},
	year = {2011}}

@book{GabrielZisman:1967cf,
	author = {P. Gabriel and M. Zisman},
	date-added = {2018-03-15 16:58:22 +0000},
	date-modified = {2018-03-15 12:59:11 -0400},
	number = {35},
	publisher = {Springer-Verlag},
	series = {Ergebnisse der Math.},
	title = {Calculus of Fractions and Homotopy Theory},
	year = {1967}}

@article{DwyerKan:1980sl,
	author = {Dwyer, W.~G. and Kan, D.~M.},
	date-added = {2018-03-15 15:16:39 +0000},
	date-modified = {2021-08-26 17:44:36 -0400},
	journal = {J.\ Pure Appl.\ Algebra},
	pages = {267{\textendash}284},
	title = {Simplicial localizations of categories},
	volume = {17},
	year = {1980}}

@article{Street:1987cf,
	author = {Street, R.~H.},
	date-added = {2018-03-12 13:44:16 +0000},
	date-modified = {2021-08-26 18:15:19 -0400},
	journal = {Cah.\ Topol.\ G\'{e}om.\ Diff\'{e}r.\ Cat\'{e}g.},
	number = {1},
	pages = {53{\textendash}56},
	title = {Correction to ``Fibrations in bicategories''},
	volume = {28},
	year = {1987}}

@book{MacLane:1998cw,
	author = {Mac Lane, S.},
	date-added = {2018-02-07 15:25:33 +0000},
	date-modified = {2018-09-12 14:44:17 -0400},
	edition = {Second},
	publisher = {Springer-Verlag},
	series = {Graduate Texts in Mathematics},
	title = {Categories for the Working Mathematician},
	year = {1998}}

@article{DwyerKanSmith:1989hc,
	author = {Dwyer, W.~G. and Kan, D.~M. and Smith, J.~H.},
	date-added = {2018-02-02 15:25:01 +0000},
	date-modified = {2021-08-26 17:17:58 -0400},
	journal = {J.\ Pure Appl.\ Algebra},
	pages = {5{\textendash}24},
	title = {Homotopy commutative diagrams and their realizations},
	volume = {57},
	year = {1989}}

@article{BlumbergMandell:2011ak,
	author = {A.~Blumberg and M.~Mandell},
	date-added = {2018-02-02 14:25:19 +0000},
	date-modified = {2021-08-26 17:08:57 -0400},
	journal = {Adv.\ Math.},
	pages = {3760{\textendash}3812},
	title = {Algebraic {K}-theory and abstract homotopy theory},
	volume = {226},
	year = {2011}}

@book{Borceux:1994hbII,
	author = {Francis Borceux},
	date-added = {2018-01-31 15:28:31 +0000},
	date-modified = {2018-05-20 20:45:02 +0000},
	publisher = {Cambridge University Press},
	series = {Encyclopedia of Mathematics and its Applications},
	title = {Handbook of {C}ategorical {A}lgebra 2: {C}ategories and {S}tructures},
	year = {1994}}

@article{Bergner:2007fs,
	author = {Bergner, J.~E.},
	date-added = {2018-01-25 04:29:30 +0000},
	date-modified = {2021-08-26 18:27:44 -0400},
	journal = {Proc.\ Amer.\ Math.\ Soc.},
	number = {12},
	pages = {4031{\textendash}4037},
	title = {A characterization of fibrant {S}egal categories},
	volume = {135},
	year = {2007}}

@phdthesis{Pellissier:2002ce,
	author = {R. Pellissier},
	date-added = {2018-01-25 04:26:05 +0000},
	date-modified = {2021-08-26 18:07:48 -0400},
	school = {Universit\'{e} de Nice-Sophia Antipolis},
	title = {Cat\'{e}gories enrichies faibles},
	year = {2002}}

@unpublished{HirschowitzSimpson:2001dp,
	author = {A. Hirschowitz and C. Simpson},
	date-added = {2018-01-25 04:21:25 +0000},
	date-modified = {2021-08-26 18:38:57 -0400},
	note = {arXiv:math/9807049},
	title = {{\normalfont Descente pour les $n$-champs}},
	year = {1998}}

@article{Weber:2007ys,
	author = {Weber, M.},
	date-added = {2018-01-20 03:30:16 +0000},
	date-modified = {2021-08-26 18:18:55 -0400},
	journal = {Appl.\ Categ.\ Structures},
	number = {3},
	pages = {259{\textendash}323},
	title = {Yoneda structures from 2-toposes},
	volume = {15},
	year = {2007}}

@inproceedings{Verity:2007wcII,
	author = {D. Verity},
	booktitle = {Categories in Algebra, Geometry and Mathematical Physics (StreetFest)},
	date-added = {2018-01-20 03:30:08 +0000},
	date-modified = {2021-08-26 18:18:07 -0400},
	editor = {Davydov, A.},
	keywords = {Higher Categories, Model Categories, Nerves, Dom's Publications},
	pages = {441{\textendash}467},
	publisher = {American Mathematical Society},
	series = {Contemporary Mathematics},
	title = {Weak complicial sets {II}, nerves of complicial {Gray}-categories},
	volume = {431},
	year = {2007}}

@article{Verity:2008wcI,
	author = {D. Verity},
	date-added = {2018-01-20 03:29:58 +0000},
	date-modified = {2021-08-26 18:17:42 -0400},
	journal = {Adv.\ Math.},
	keywords = {Category Theory, Dom's Publications},
	pages = {1081{\textendash}1149},
	publisher = {Elsevier},
	title = {Weak complicial sets {I}, basic homotopy theory},
	volume = {219},
	year = {2008}}

@article{CordierPorter:1986vt,
	author = {Cordier, J.~M. and Porter, T.},
	date-added = {2018-01-20 03:29:55 +0000},
	date-modified = {2021-08-26 17:59:54 -0400},
	journal = {Math.\ Proc.\ Cambridge Philos.\ Soc.},
	keywords = {Category Theory},
	pages = {65{\textendash}90},
	title = {Vogt's theorem on categories of homotopy coherent diagrams},
	volume = {100},
	year = {1986}}

@article{Toen:2005vu,
	author = {To{\"e}n, B.},
	date-added = {2018-01-20 03:29:52 +0000},
	date-modified = {2021-08-26 18:16:20 -0400},
	journal = {$K$-Theory},
	number = {3},
	pages = {233{\textendash}263},
	title = {Vers une axiomatisation de la th\'eorie des cat\'egories sup\'erieures},
	volume = {34},
	year = {2005}}

@book{BarrWells:1985tt,
	address = {New York},
	author = {M. Barr and C. Wells},
	date-added = {2018-01-20 03:29:48 +0000},
	date-modified = {2018-01-20 04:02:51 +0000},
	isbn = {0-387-96115-1 and 3-540-96115-1},
	keywords = {Category Theory},
	lccn = {QA169 .B346 1985},
	pages = {xiii + 345},
	publisher = {Springer-Verlag},
	series = {Grundlehren der mathematischen {W}issenschaften},
	title = {Toposes, Triples, and Theories},
	volume = {278},
	year = {1985}}

@article{Bergner:2007tm,
	author = {Bergner, J.~E.},
	date-added = {2018-01-20 03:29:37 +0000},
	date-modified = {2021-08-26 17:08:12 -0400},
	journal = {Topology},
	month = {September},
	number = {4},
	pages = {397{\textendash}436},
	title = {Three models for the homotopy theory of homotopy theories},
	volume = {46},
	year = {2007}}

@book{Joyal:2008tq,
	author = {Joyal, A.},
	date-added = {2018-01-20 03:29:34 +0000},
	date-modified = {2021-08-26 17:52:06 -0400},
	keywords = {Quasicategories},
	publisher = {Centre de Recerca Matem\`{a}tica Barcelona},
	series = {Quadern 45 vol II},
	title = {The Theory of Quasi-Categories and its Applications},
	year = {2008}}

@article{RiehlVerity:2014rc,
	author = {E. Riehl and D. Verity},
	date-added = {2018-01-20 03:29:32 +0000},
	date-modified = {2021-08-26 18:11:01 -0400},
	journal = {Theory Appl.\ Categ.},
	keywords = {Model Categories, Homotopy Theory},
	number = {9},
	pages = {256{\textendash}301},
	title = {The theory and practice of {Reedy} categories},
	volume = {29},
	year = {2014}}

@unpublished{Low:2013hb,
	author = {Low, Z.~L.},
	date-added = {2018-01-20 03:29:29 +0000},
	date-modified = {2018-01-20 03:29:29 +0000},
	note = {\url{http://arxiv.org/abs/1310.0381}},
	title = {The homotopy bicategory of $(\infty,1)$-categories},
	year = {2013}}

@article{SchanuelStreet:1986fa,
	author = {Schanuel, S.H. and Street, R. H.},
	date-added = {2018-01-20 03:29:25 +0000},
	date-modified = {2021-08-26 18:13:17 -0400},
	journal = {Cah.\ Topol.\ G\'{e}om.\ Diff\'{e}r.\ Cat\'{e}g.},
	keywords = {Category Theory, 2-Categories},
	pages = {81{\textendash}83},
	title = {The Free Adjunction},
	volume = {27},
	year = {1986}}

@article{Street:1972ft,
	author = {R.~H. Street},
	date-added = {2018-01-20 03:29:16 +0000},
	date-modified = {2021-08-26 18:13:47 -0400},
	journal = {J.\ Pure Appl.\ Algebra},
	keywords = {Category Theory},
	pages = {149{\textendash}168},
	review = {MR45#8701},
	title = {The Formal Theory of Monads},
	volume = {2},
	year = {1972}}

@article{RiehlVerity:2018cc,
	author = {E. Riehl and D. Verity},
	date-added = {2018-01-20 03:29:05 +0000},
	date-modified = {2021-08-26 18:49:34 -0400},
	journal = {High.\ Struct.},
	number = {1},
	pages = {116{\textendash}190},
	title = {The comprehension construction},
	volume = {2},
	year = {2018}}

@unpublished{RiehlVerity:2018ts,
	author = {E. Riehl and D. Verity},
	date-added = {2018-01-20 03:29:00 +0000},
	date-modified = {2021-08-26 18:12:12 -0400},
	note = {{I}n preparation},
	title = {The calculus of two-sided fibrations and modules},
	year = {2018}}

@article{RiehlVerity:2015tc,
	author = {E. Riehl and D. Verity},
	date-added = {2018-01-20 03:28:53 +0000},
	date-modified = {2021-08-26 18:11:28 -0400},
	journal = {Adv.\ Math.},
	keywords = {Quasicategories, Homotopy Coherence},
	pages = {549{\textendash}642},
	title = {The 2-category theory of quasi-categories},
	volume = {280},
	year = {2015}}

@book{Johnstone:2002seII,
	author = {Johnstone, P.T.},
	date-added = {2018-01-20 03:28:40 +0000},
	date-modified = {2018-01-20 03:59:24 +0000},
	keywords = {Category Theory},
	publisher = {The Clarendon Press Oxford University Press, New York},
	series = {Oxford Logic Guides},
	title = {{Sketches of an Elephant: A Topos Theory Compendium. Vol. 2}},
	volume = {44},
	year = {2002}}

@book{Johnstone:2002seI,
	author = {Johnstone, P.T.},
	date-added = {2018-01-20 03:28:36 +0000},
	date-modified = {2018-01-20 03:59:15 +0000},
	keywords = {Category Theory},
	publisher = {The Clarendon Press Oxford University Press, New York},
	series = {Oxford Logic Guides},
	title = {{Sketches of an Elephant: A Topos Theory Compendium. Vol. 1}},
	volume = {43},
	year = {2002}}

@inbook{KellyStreet:1974re,
	author = {G.~M. Kelly and R.~H. Street},
	date-added = {2018-01-20 03:28:05 +0000},
	date-modified = {2021-08-26 17:54:31 -0400},
	keywords = {Category Theory; Thesis},
	pages = {75{\textendash}103},
	publisher = {Springer-Verlag},
	series = {Lecture Notes in Mathematics},
	title = {Review of the Elements of 2-Categories},
	volume = {420},
	year = {1974}}

@inproceedings{JoyalTierney:2007qc,
	author = {Joyal, A. and Tierney, M.},
	booktitle = {Categories in Algebra, Geometry and Mathematical Physics (StreetFest)},
	date-added = {2018-01-20 03:27:27 +0000},
	date-modified = {2021-08-26 18:41:45 -0400},
	editor = {A. Davydov},
	keywords = {Quasicategories, Homotopy Theory, Model Categories},
	pages = {277{\textendash}325},
	publisher = {American Mathematical Society},
	series = {Contemp.\ Math.},
	title = {Quasi-categories vs {S}egal spaces},
	volume = {431},
	year = {2007}}

@article{Joyal:2002qk,
	author = {A. Joyal},
	date-added = {2018-01-20 03:27:12 +0000},
	date-modified = {2021-08-26 17:28:41 -0400},
	journal = {J.\ Pure Appl.\ Algebra},
	keywords = {Category Theory},
	pages = {207{\textendash}222},
	title = {Quasi-categories and {K}an complexes},
	volume = {175},
	year = {2002}}

@article{Wood:1985pa,
	author = {Richard J. Wood},
	date-added = {2018-01-20 03:26:58 +0000},
	date-modified = {2021-01-24 13:05:21 -0500},
	journal = {Cah.\ Topol.\ G\'{e}om.\ Diff\'{e}r.\ Cat\'{e}g.},
	keywords = {Category Theory; Thesis},
	pages = {135--186},
	title = {Proarrows {II}.},
	volume = {\hbox{XXVI-2}},
	year = {1985}}

@misc{BarwickSchommerPries:2011uh,
	author = {Clark Barwick and Christopher Schommer-Pries},
	date-added = {2018-01-20 03:26:42 +0000},
	date-modified = {2018-01-20 03:52:13 +0000},
	howpublished = {\url{https://arxiv.org/abs/1112.0040}},
	title = {On the Unicity of the Homotopy Theory of Higher Categories},
	year = {2011}}

@article{Riehl:2011sc,
	author = {Riehl, E.},
	coden = {MPCPCO},
	date-added = {2018-01-20 03:26:38 +0000},
	date-modified = {2018-01-20 03:51:51 +0000},
	doi = {10.1017/S0305004111000053},
	fjournal = {Mathematical Proceedings of the Cambridge Philosophical Society},
	issn = {0305-0041},
	journal = {Math. Proc. Cambridge Philos. Soc.},
	mrclass = {18Gxx (55Uxx)},
	mrnumber = {2784771},
	number = {3},
	pages = {489--504},
	title = {On the structure of simplicial categories associated to quasi-categories},
	url = {http://dx.doi.org/10.1017/S0305004111000053},
	volume = {150},
	year = {2011},
	Bdsk-Url-1 = {http://dx.doi.org/10.1017/S0305004111000053}}

@article{RiehlVerity:2020cl,
	author = {E. Riehl and D. Verity},
	date-added = {2018-01-20 03:26:31 +0000},
	date-modified = {2021-08-26 18:12:29 -0400},
	journal = {Theory Appl.\ Categ.},
	note = {arXiv:1808.09835},
	number = {30},
	pages = {1101{\textendash}1158},
	title = {On the construction of limits and colimits in $\infty$-categories},
	volume = {35},
	year = {2020}}

@phdthesis{NicholsBarrer:2007oq,
	author = {Nichols-Barrer, J.~P.},
	date-added = {2018-01-20 03:26:25 +0000},
	date-modified = {2021-08-26 17:58:17 -0400},
	keywords = {Category Theory},
	school = {Massachusetts Institute of Technology. Dept. of Mathematics.},
	title = {On quasi-categories as a foundation for higher algebraic stacks},
	year = {2007}}

@article{BergerMoerdijk:2008rc,
	author = {Berger, C. and Moerdijk, I.},
	date-added = {2018-01-20 03:26:06 +0000},
	date-modified = {2021-08-26 17:13:00 -0400},
	journal = {Mathe.\ Z.},
	keywords = {Model Categories},
	pages = {1{\textendash}28},
	publisher = {Springer},
	title = {On an extension of the notion of {Reedy} category},
	volume = {269},
	year = {2008}}

@unpublished{GepnerHaugsengNikolaus:2015lc,
	author = {D. Gepner and R. Haugseng and T. Nikolaus},
	date-added = {2018-01-20 03:25:24 +0000},
	date-modified = {2021-08-26 17:46:55 -0400},
	note = {arXiv:1501.02161 [math.CT]},
	title = {Lax colimits and free fibrations in $\infty$-categories}}


@article{RiehlVerity:2015ke,
	author = {E. Riehl and D. Verity},
	date-added = {2018-01-20 03:25:16 +0000},
	date-modified = {2021-08-26 18:11:19 -0400},
	journal = {Algebr.\ Geom.\ Topol.\},
	pages = {189{\textendash}271},
	title = {Kan extensions and the calculus of modules for $\infty$-categories},
	volume = {17-1},
	year = {2017}}

@article{RiehlVerity:2020ic,
	author = {E. Riehl and D. Verity},
	date-added = {2018-01-20 03:25:03 +0000},
	date-modified = {2021-08-26 18:26:22 -0400},
	howpublished = {\url{https://arxiv.org/abs/1608.05314}},
	journal = {High.\ Struct.},
	keywords = {Quasicategories},
	number = {1},
	pages = {115{\textendash}167},
	title = {Infinity category theory from scratch},
	volume = {4},
	year = {2020}}

@article{Lack:2010ic,
	author = {Lack, S.},
	date-added = {2018-01-20 03:24:58 +0000},
	date-modified = {2021-08-26 17:54:55 -0400},
	journal = {Applied Categorical Structures},
	keywords = {2-Categories},
	number = {3},
	pages = {289{\textendash}307},
	publisher = {Springer},
	title = {Icons},
	volume = {18},
	year = {2010}}

@article{Lack:2007ht,
	author = {Lack, S.},
	date-added = {2018-01-20 03:24:55 +0000},
	date-modified = {2021-08-26 17:54:47 -0400},
	journal = {J.\ Homotopy Relat.\ Struct.},
	keywords = {2-Categories, Homotopy Theory},
	number = {2},
	pages = {229{\textendash}260},
	title = {Homotopy-theoretic aspects of 2-monads},
	volume = {2},
	year = {2007}}

@article{Heller:1988ht,
	author = {Heller, A.},
	date-added = {2018-01-20 03:24:44 +0000},
	date-modified = {2018-01-20 03:50:41 +0000},
	journal = {Memoirs of the American Mathematical Society},
	keywords = {Homotopy Theory, Category Theory},
	number = {383},
	title = {Homotopy Theories},
	volume = {71},
	year = {1988}}

@unpublished{Shulman:2009hl,
	author = {Shulman, M.},
	date-added = {2018-01-20 03:24:38 +0000},
	date-modified = {2018-01-20 03:24:38 +0000},
	keywords = {Category Theory},
	note = {Arxiv preprint arXiv:math/0610194 [math.AT]},
	pages = {1--79},
	title = {Homotopy limits and colimits and enriched category theory},
	year = {2009}}

@book{BoardmanVogt:1973hi,
	author = {Boardman, J.~M. and Vogt, R.},
	date-added = {2018-01-20 03:24:28 +0000},
	date-modified = {2021-08-26 18:29:28 -0400},
	keywords = {Homotopy Theory},
	publisher = {Springer-Verlag},
	series = {Lecture Notes in Mathematics},
	title = {Homotopy Invariant Algebraic Structures on Topological Spaces},
	volume = {347},
	year = {1973}}

@article{RiehlVerity:2016hc,
	author = {E. Riehl and D. Verity},
	date-added = {2018-01-20 03:24:15 +0000},
	date-modified = {2021-08-26 18:11:41 -0400},
	journal = {Adv.\ Math.},
	keywords = {Quasicategories, Homotopy Coherence},
	pages = {802{\textendash}888},
	title = {Homotopy coherent adjunctions and the formal theory of monads},
	volume = {286},
	year = {2016}}

@book{Lurie:2009ht,
	author = {Lurie, J.},
	date-added = {2018-01-20 03:24:07 +0000},
	date-modified = {2021-08-26 18:04:49 -0400},
	keywords = {Quasicategories, Model Categories},
	publisher = {Princeton University Press},
	series = {Annals of Mathematical Studies},
	title = {{Higher Topos Theory}},
	volume = {170},
	year = {2009}}

@unpublished{Lurie:2017ha,
	author = {Lurie, J.},
	date-added = {2018-01-20 03:24:01 +0000},
	date-modified = {2021-08-26 18:05:09 -0400},
	keywords = {Quasicategories},
	month = {September},
	note = {www.math.ias.edu/$\sim$lurie/papers/HA.pdf},
	title = {{Higher Algebra}},
	year = {2017}}

@article{AyalaFrancis:2020fo,
	author = {Ayala, D. and Francis, J.},
	date-added = {2018-01-20 03:23:37 +0000},
	date-modified = {2021-08-26 18:26:44 -0400},
	journal = {High.\ Struct.},
	number = {1},
	pages = {168{\textendash}265},
	title = {Fibrations of $\infty$-categories},
	volume = {4},
	year = {2020}}

@unpublished{BarwickShah:2016fi,
	author = {Barwick, Clark and Shah, Jay},
	date-added = {2018-01-20 03:23:33 +0000},
	date-modified = {2021-01-24 12:04:30 -0500},
	keywords = {Category Theory},
	note = {arXiv:1607.04343},
	title = {Fibrations in $\infty$-category theory},
	year = {2016}}

@article{Street:1980fb,
	author = {Street, R.~H.},
	date-added = {2018-01-20 03:23:31 +0000},
	date-modified = {2021-08-26 18:14:38 -0400},
	journal = {Cah.\ Topol.\ G\'{e}om.\ Diff\'{e}r.\ Cat\'{e}g.},
	pages = {111{\textendash}159},
	title = {Fibrations in Bicategories},
	volume = {XXI-2},
	year = {1980}}

@article{RiehlVerity:2017fy,
	author = {Riehl, E. and Verity, D.},
	date-added = {2018-01-20 03:23:28 +0000},
	date-modified = {2021-08-26 18:11:50 -0400},
	howpublished = {\url{https://arxiv.org/abs/1506.05500}},
	journal = {J.\ Pure Appl.\ Algebra},
	number = {3},
	pages = {499{\textendash}564},
	title = {Fibrations and {Y}oneda's lemma in an $\infty$-cosmos},
	volume = {221},
	year = {2017}}

@incollection{Street:1974fy,
	author = {Street, R.~H.},
	booktitle = {Category {S}eminar ({P}roc. {S}em., {S}ydney, 1972/1973)},
	date-added = {2018-01-20 03:23:26 +0000},
	date-modified = {2021-08-26 18:14:22 -0400},
	mrclass = {18D05},
	mrnumber = {0396723 (53 \#585)},
	mrreviewer = {A. Pultr},
	pages = {104{\textendash}133.},
	publisher = {Springer},
	series = {Lecture Notes in Math.},
	title = {Fibrations and {Y}oneda's lemma in a 2-category},
	volume = {Vol. 420},
	year = {1974}}

@unpublished{Leinster:1999fc,
	author = {Leinster, T.},
	date-added = {2018-01-20 03:23:23 +0000},
	date-modified = {2021-08-26 17:55:32 -0400},
	note = {arXiv:math/9903004},
	title = {fc-multicategories},
	year = {1999}}

@unpublished{GepnerHaugseng:2013ei,
	author = {David Gepner and Rune Haugseng},
	date-added = {2018-01-20 03:23:20 +0000},
	date-modified = {2018-01-20 03:37:34 +0000},
	note = {arXiv:1312.3178 [math.AT]},
	title = {Enriched $\infty$-categories via non-symmetric $\infty$-operads},
	year = {2013}}

@article{Verity:2011ec,
	author = {Verity, D.},
	date-added = {2018-01-20 03:23:15 +0000},
	date-modified = {2021-08-26 18:16:59 -0400},
	journal = {Repr.\ Theory Appl.\ Categ.},
	keywords = {Category Theory, Enriched Categories, Internal Categories, Change of Base},
	pages = {1{\textendash}266},
	title = {Enriched Categories, Internal Categories and Change of Base},
	volume = {20},
	year = {2011}}

@article{Kelly:1989eo,
	author = {Kelly, G.~M.},
	date-added = {2018-01-20 03:22:59 +0000},
	date-modified = {2021-08-26 18:01:49 -0400},
	journal = {Bull.\ Aust.\ Math.\ Soc.},
	keywords = {Category Theory},
	pages = {301{\textendash}317},
	title = {Elementary observations on 2-categorical limits},
	volume = {49},
	year = {1989}}

@article{RiehlVerity:2015cr,
	author = {E. Riehl and D. Verity},
	date-added = {2018-01-20 03:22:30 +0000},
	date-modified = {2021-08-26 18:11:10 -0400},
	journal = {Homology Homotopy Appl.},
	keywords = {Model Categories, Homotopy Theory},
	number = {1},
	pages = {1{\textendash}33},
	title = {Completeness results for quasi-categories of algebras, homotopy limits, and related general constructions},
	volume = {17},
	year = {2015}}

@book{Riehl:2016cc,
	author = {E. Riehl},
	date-added = {2018-01-20 03:22:26 +0000},
	date-modified = {2021-08-26 18:10:22 -0400},
	publisher = {Dover Publications},
	series = {Aurora Modern Math Originals},
	title = {Category Theory in Context},
	year = {2016}}

@book{Riehl:2014ch,
	author = {Riehl, E.},
	date-added = {2018-01-20 03:21:59 +0000},
	date-modified = {2018-01-20 03:35:45 +0000},
	pages = {xviii+336},
	publisher = {Cambridge University Press},
	series = {New Mathematical Monographs},
	title = {Categorical Homotopy Theory},
	volume = {24},
	year = {2014}}

@misc{Haugseng:2015bn,
	author = {Haugseng, Rune.},
	date-added = {2018-01-20 03:21:46 +0000},
	date-modified = {2021-08-26 17:27:02 -0400},
	howpublished = {arXiv:1506.07341},
	title = {Bimodules and natural transformations for enriched $\infty$-categories},
	year = {2015}}

@article{Kelly:2005ec,
	author = {G.~M. Kelly},
	date-added = {2018-01-20 03:21:40 +0000},
	date-modified = {2021-08-26 18:02:17 -0400},
	journal = {Repr.\ Theory Appl.\ Categ.},
	keywords = {Category Theory},
	title = {Basic concepts of enriched category theory},
	volume = {10},
	year = {2005}}

@article{Meyer:1984bc,
	author = {Meyer, J-P.},
	coden = {JPAAA2},
	date-added = {2018-01-20 03:21:26 +0000},
	date-modified = {2021-08-26 17:57:48 -0400},
	doi = {10.1016/0022-4049(84)90005-7},
	fjournal = {Journal of Pure and Applied Algebra},
	issn = {0022-4049},
	journal = {J.\ Pure Appl.\ Algebra},
	mrclass = {18G55 (57T30)},
	mrnumber = {754954 (86g:18010)},
	mrreviewer = {R. M. Vogt},
	number = {2},
	pages = {163{\textendash}207},
	title = {Bar and cobar constructions. {I}},
	url = {http://dx.doi.org/10.1016/0022-4049(84)90005-7},
	volume = {33},
	year = {1984},
	Bdsk-Url-1 = {http://dx.doi.org/10.1016/0022-4049(84)90005-7}}

@book{Bergner:2018ii,
	author = {Bergner, J.~E.},
	date-added = {2018-01-20 03:21:23 +0000},
	date-modified = {2021-08-26 17:09:49 -0400},
	publisher = {Cambridge University Press},
	title = {An {I}ntroduction to $(\infty,1)$-{C}ategories},
	year = {2018}}

@article{Wood:1982ap,
	author = {R.~J. Wood},
	date-added = {2018-01-20 03:21:21 +0000},
	date-modified = {2021-08-26 18:19:24 -0400},
	journal = {Cah.\ Topol.\ G\'{e}om.\ Diff\'{e}r.\ Cat\'{e}g.},
	pages = {279{\textendash}290},
	title = {Abstract proarrows {I}.},
	volume = {\hbox{XXIII-3}},
	year = {1982}}

@article{CruttwellShulman:2010gm,
	author = {Cruttwell, G.~S.~H. and Shulman, M.~A.},
	date-added = {2018-01-20 03:21:18 +0000},
	date-modified = {2021-08-26 17:22:10 -0400},
	journal = {Theory Appl.\ Categ.},
	number = {21},
	pages = {580{\textendash}655},
	title = {A unified framework for generalized multicategories},
	volume = {24},
	year = {2010}}

@article{Rezk:2001ht,
	author = {Rezk, C.},
	date-added = {2018-01-20 03:21:15 +0000},
	date-modified = {2021-08-26 18:09:02 -0400},
	journal = {Trans.\ Amer.\ Math.\ Soc.},
	keywords = {Model Categories, Higher Categories},
	number = {3},
	pages = {973{\textendash}1007},
	title = {A model for the homotopy theory of homotopy theory},
	volume = {353},
	year = {2001}}

@article{Bergner:2007sc,
	author = {Bergner, J.~E.},
	date-added = {2018-01-20 03:21:10 +0000},
	date-modified = {2021-08-26 17:08:03 -0400},
	journal = {Trans.\ Amer.\ Math.\ Soc.},
	keywords = {Model Categories, Simplicial Sets},
	pages = {2043{\textendash}2058},
	title = {A Model Category Structure on the Category of Simplicial Categories},
	volume = {359},
	year = {2007}}

@article{Rezk:2010cp,
	author = {Rezk, C.},
	date-added = {2018-01-20 03:21:01 +0000},
	date-modified = {2021-08-26 18:48:40 -0400},
	journal = {Geom.\ Topol.},
	keywords = {Homology Theory, Model Categories},
	number = {1},
	pages = {521{\textendash}571},
	title = {A cartesian presentation of weak $n$-categories},
	volume = {14},
	year = {2010}}
